@Article{penguin2020,
  title = {Ecological Sexual Dimorphism and Environmental Variability within a Community of Antarctic Penguins (Genus Pygoscelis)},
  author = {Gorman KB and Williams TD and Fraser WR},
  journal = {PLoS ONE},
  year = {2014},
  volume = {9(3)},
  number = {e90081},
  pages = {-13},
  url = {https://doi.org/10.1371/journal.pone.0090081},
}

@article{Levy2019,
  title={Eugenics and the Ethics of Statistical Analysis},
  author={Ido Levy},
  journal={GEORGETOWN PUBLIC POLICY REVIEW},
  year={2019},
  month={December},
  day={16},
  url={https://gppreview.com/2019/12/16/eugenics-ethics-statistical-analysis/},
}


@article{AbdulMajedRaja2020,
  title={Penguins Dataset Overview - iris alternative in R
using {palmerpenguins}},
  author={AbdulMajedRaja},
  journal={Programming with R},
  year={2020},
  month={June},
  day={17},
  url={https://www.programmingwithr.com/penguins-dataset-overview-iris-alternative-in-r/},
}

@article{edwards2000genetical,
  title={The genetical theory of natural selection},
  author={Edwards, Anthony W Fisher},
  journal={Genetics},
  volume={154},
  number={4},
  pages={1419--1426},
  year={2000},
  publisher={Oxford University Press}
}

@article{tolle2011fourth,
  title={The fourth paradigm: Data-intensive scientific discovery [point of view]},
  author={Tolle, Kristin M and Tansley, D Stewart W and Hey, Anthony JG},
  journal={Proceedings of the IEEE},
  volume={99},
  number={8},
  pages={1334--1337},
  year={2011},
  publisher={IEEE}
}

@article{Lee2020,
  title={사람과 인공지능의 일자리 경쟁 요인과 협업 방안},
  author={이광춘 and 주용우},
  journal={디지털경영연구},
  volume={6},
  number={2},
  pages={39-50},
  year={2020}
}


@misc{greg_wilson_2019_3266823,
  author       = {Greg Wilson and
                  Gerard Capes and
                  Gabriel A. Devenyi and
                  Christina Koch and
                  Raniere Silva and
                  Ashwin Srinath and
                  Colin Morris and
                  Mike Jackson and
                  Andrew Boughton and
                  Rémi Emonet and
                  Francis Gacenga and
                  Lex Nederbragt and
                  csqrs and
                  Damien Irving and
                  Erin Alison Becker and
                  Fatma Deniz and
                  Marcel Stimberg and
                  Robert A Beagrie and
                  Daniel McCloy and
                  Nicola Soranzo and
                  Noam Ross and
                  Ashwin Srinath and
                  Colin Sauze and
                  François Michonneau and
                  Kunal Marwaha and
                  Stéphane Guillou and
                  Tobin Magle and
                  Eric Jankowski and
                  Ethan P White and
                  John Blischak and
                  Filipe Fernandes and
                  Trevor Bekolay and
                  Jake Cowper Szamosi and
                  Norman Gray and
                  Varda F. Hagh and
                  Daniel Baird and
                  Dustin Lang and
                  Evgenij Belikov and
                  Jarek Bryk and
                  Kathy Chung and
                  Mahdi Sadjadi and
                  Marie-Helene Burle and
                  Marisa Lim and
                  Pauline Barmby and
                  Steve Leak and
                  Chris Mentzel and
                  Daniel Standage and
                  David Eyers and
                  Dean Attali and
                  Danielle M. Nielsen and
                  Donny Winston and
                  John Simpson and
                  Jonah Duckles and
                  Joshua Madin and
                  Kevin M. Buckley and
                  Laurence and
                  Martha Robinson and
                  Martin Feller and
                  Megan Fritz and
                  Paul Gardner and
                  Peter Steinbach and
                  Rafi Ullah and
                  Ruud Steltenpool and
                  s-boardman and
                  Yee Mey and
                  Alex Kassil and
                  Alex Mac and
                  Alexander Morley and
                  Bartosz Telenczuk and
                  Dana Brunson and
                  Devinsuit and
                  Elena Denisenko and
                  Emily Dolson and
                  Halle Burns and
                  Hannah Burkhardt and
                  Harriet Alexander and
                  Hugues Fontenelle and
                  Jay van Schyndel and
                  Jens vdL and
                  Jonny Williams and
                  Katrin Leinweber and
                  Lee Zamparo and
                  Jason Macklin and
                  Orion Buske and
                  reshama shaikh and
                  Ry4an Brase and
                  Thomas Mellan and
                  Adam Huffman and
                  Adam James Orr and
                  Adam Richie-Halford and
                  AidaMirsalehi and
                  Alexander Konovalov and
                  Alix Keener and
                  Amy Brown and
                  Andrea Bedini and
                  Andrew Reid and
                  Andrew T. T. McRae and
                  Andrew Walker and
                  Ariel Rokem and
                  Armin Sobhani and
                  Bagus Tris Atmaja and
                  Ben Bolker and
                  Benjamin Gabriel and
                  Bertie Seyffert and
                  Bill Mills and
                  Brian Ballsun-Stanton and
                  BrianBill and
                  Camille Marini and
                  Dan Jones and
                  Dave Bridges and
                  David McKain and
                  David Vollmer and
                  Dmytro Lituiev and
                  Doug Latornell and
                  earkpr and
                  ekaterinailin and
                  Emily Jane McTavish and
                  Farah Shamma and
                  Giuseppe Profiti and
                  Ian van der Linde and
                  Inigo Aldazabal Mensa and
                  Jarno Rantaharju and
                  Jackie Milhans and
                  James Guelfi and
                  Jan T. Kim and
                  John Pellman and
                  Kai Blin and
                  Kristopher Keipert and
                  Kirill Palamartchouk and
                  Klemens Noga and
                  M Carlise and
                  Marc Rajeev Gouw and
                  Mark Mandel and
                  Matthew Gidden and
                  Matthew Peterson and
                  Maria Doyle and
                  Michael Zingale and
                  Mike Henry and
                  Morgan Oneka and
                  Murray Hoggett and
                  Nicolas Barral and
                  Noah D Brenowitz and
                  nther and
                  Owen Kaluza and
                  Patrick McCann and
                  Phillip Doehle and
                  Peter R. Hoyt and
                  Philip Lijnzaad and
                  Piotr Banaszkiewicz and
                  Sarah Mount and
                  Sarah Simpkin and
                  Scott Ritchie and
                  sjnair and
                  Stephan Schmeing and
                  Stephen Jones and
                  Stephen Turner and
                  Susan Miller and
                  Tim Keighley and
                  Tim Keighley and
                  Tom Dowrick and
                  Victor Koppejan and
                  Vikram Chhatre},
  title        = {{swcarpentry/shell-novice: Software Carpentry: the
                   UNIX shell, June 2019}},
  month        = jul,
  year         = 2019,
  publisher    = {Zenodo},
  version      = {v2019.06.1},
  doi          = {10.5281/zenodo.3266823},
  url          = {https://doi.org/10.5281/zenodo.3266823}
}

@article{knuth84,
  author = {Knuth, Donald E.},
  title = {Literate Programming},
  year = {1984},
  issue_date = {May 1984},
  publisher = {Oxford University Press, Inc.},
  address = {USA},
  volume = {27},
  number = {2},
  issn = {0010-4620},
  url = {https://doi.org/10.1093/comjnl/27.2.97},
  doi = {10.1093/comjnl/27.2.97},
  journal = {Comput. J.},
  month = may,
  pages = {97–111},
  numpages = {15}
}


@misc{vaswani2017attention,
      title={Attention Is All You Need},
      author={Ashish Vaswani and Noam Shazeer and Niki Parmar and Jakob Uszkoreit and Llion Jones and Aidan N. Gomez and Lukasz Kaiser and Illia Polosukhin},
      year={2017},
      eprint={1706.03762},
      archivePrefix={arXiv},
      primaryClass={cs.CL}
}
